@book{floyd2014fundamentos,
	title        = {Fundamentos de sistemas digitales},
	author       = {Thomas L. Floyd},
	year         = {2014},
	edition      = {9},
	publisher    = {Pearson Prentice Hall},
	address      = {MÃ©xico},
	isbn         = {978-607-32-2161-1}
}
